@incollection {JMDA,
    AUTHOR = {Delgado, M. and Garc\'{\i}a-S\'anchez, P. A. and Morais, J.},
     TITLE = {On the {GAP} package numericalsgps},
 BOOKTITLE = {Fifth {C}onference on {D}iscrete {M}athematics and {C}omputer
              {S}cience ({S}panish)},
    SERIES = {Ciencias (Valladolid)},
    VOLUME = {23},
     PAGES = {271--278},
 PUBLISHER = {Univ. Valladolid},
   ADDRESS = {Secr. Publ. Intercamb. Ed., Valladolid},
      YEAR = {2006},
   MRCLASS = {20-04},
  MRNUMBER = {2325970},
}

@article {MR1283022,
     AUTHOR = "Contejean, E. and Devie, H.",
      TITLE = "An efficient incremental algorithm for solving systems of
               linear {D}iophantine equations",
    JOURNAL = "Inform. and Comput.",
   FJOURNAL = "Information and Computation",
     VOLUME = "113",
       YEAR = "1994",
     NUMBER = "1",
      PAGES = "143--172",
       ISSN = "0890-5401",
    MRCLASS = "11Y50 (11D04 68Q20)",
   MRNUMBER = "MR1283022 (96a:11151)",
 MRREVIEWER = "B\'ela Vizv\'ari"
}

@Article{HS04,
author= "Herzinger, K. and Sanford, R.",
title= "Minimal Generating Sets for Relative Ideals in Numerical Semigroups of Multiplicity Eight",
journal= "Communications in Algebra",
volume= "32",
number = "12",
year= "2004",
pages= "4713-4731"
}


@Article{R96,
author= "Rosales, J. C.",
title= "On numerical semigroups",
journal= "Semigroup Forum",
volume= "52",
year= "1996",
pages= "307-318"
}


@Book{RGS99,
author= "Rosales, J. C. and Garc\'{\i}a-S\'anchez, P. A.",
title= "Finitely generated commutative monoids",
year= "1999",
publisher= "Nova Science Publishers",
address= "New York"
}


@Article{RGGU03,
author= "Rosales, J. C. and Garc\'{\i}a-S\'anchez P. A. and Garc\'{\i}a-Garc\'{\i}a, J. I. and Urbano-Blanco, J. M.",
title= "Proportionally modular Diophantine inequalities",
journal= "J. Number Theory",
volume= "103",
year= "2003",
pages= "281-294"
}

@Article{RGGJ03,
author= "Rosales, J. C. and Garc\'{\i}a-S\'anchez, P. A. and Garc\'{\i}a-Garc\'{\i}a, J. I. and Jim\'enez-Madrid, J. A.",
title= "The oversemigroups of a numerical semigroup",
journal= "Semigroup Forum",
volume= "67",
year= "2003",
pages= "145-158"
}


@Article{Ros96,
author= "Rosales, J. C.",
title= "An algorithmic method to compute a minimal relation for any numerical semigroup",
journal= "Internat. J. Algebra Comput.",
volume= "6",
year= "1996",
pages= "441-455"
}

@Article{RGS04,
author= "Rosales, J. C. and Garc\'{\i}a-S\'anchez, P. A.",
title= "Every positive integer is the Frobenius number
        of an irreducible numerical semigroup with at most four generators",
journal= "Ark. Mat.",
volume= "42",
year= "2004",
pages= "301-306"
}

@BOOK{BDF97,
  title = {Maximality properties in numerical semigroups and applications to
	one-dimensional analytically irreducible local domains},
  publisher = {American Mathematical Society},
  year = {1997},
  author = {Barucci, V. and Dobbs, D. D. and Fontana, M.},
  number = {598},
  series = {Memoirs of the American Mathematical Society}
}

@Article {FGH87,
    AUTHOR = {Fr\"oberg, R. and Gottlieb, C. and H\"aggkvist R.},
     TITLE = {On numerical semigroups},
   JOURNAL = {Semigroup Forum},
  FJOURNAL = {Semigroup Forum},
    VOLUME = {35},
      YEAR = {1987},
    NUMBER = {1},
     PAGES = {63--83}
}

@Article {RB03,
    AUTHOR = {Rosales, J. C. and Branco, M. B.},
     TITLE = {Irreducible numerical semigroups},
   JOURNAL = {Pacific J. Math.},
  FJOURNAL = {Pacific Journal of Mathematics},
    VOLUME = {209},
      YEAR = {2003},
    NUMBER = {1},
     PAGES = {131--143}
}

@Article {RGGB04,
    AUTHOR = {Rosales, J. C. and Garc\'{\i}a-S\'anchez, P. A. and Garc\'{\i}a-Garc\'{\i}a, J. I. and Branco, M. B.},
     TITLE = {Arf numerical semigroups},
   JOURNAL = {J. Algebra},
  FJOURNAL = {Journal of Algebra},
    VOLUME = {276},
      YEAR = {2004},
     PAGES = {3--12}
}

@Article {RGGB03,
    AUTHOR = {Rosales, J. C. and Garc\'{\i}a-S\'anchez, P. A. and Garc\'{\i}a-Garc\'{\i}a, J. I. and Branco, M. B.},
     TITLE = {Numerical semigroups with maximal embedding dimension},
   JOURNAL = {J. Algebra},
  FJOURNAL = {Journal of Algebra},
    VOLUME = {2},
      YEAR = {2003},
     PAGES = {47--53}
}

@Article{Ros05,
   AUTHOR = {Bullejos, M. and Rosales, J. C.},
     TITLE = {Proportionally modular {D}iophantine inequalities and the
              {S}tern-{B}rocot tree},
   JOURNAL = {Math. Comp.},
  FJOURNAL = {Mathematics of Computation},
    VOLUME = {78},
      YEAR = {2009},
    NUMBER = {266},
     PAGES = {1211--1226},
      ISSN = {0025-5718},
     CODEN = {MCMPAF},
   MRCLASS = {20M14 (11D75)},
  MRNUMBER = {2476582 (2010d:20063)},
MRREVIEWER = {P. G. Trotter},
       DOI = {10.1090/S0025-5718-08-02173-X},
       URL = {http://dx.doi.org/10.1090/S0025-5718-08-02173-X},
}

@article {RGGJ04,
    AUTHOR = {Rosales, J. C. and Garc\'{\i}a-S\'anchez, P. A. and Garc\'{\i}a-Garc\'{\i}a, J. I. and Jim\'enez Madrid, J. A.},
     TITLE = {Fundamental gaps in numerical semigroups},
   JOURNAL = {J. Pure Appl. Algebra},
  FJOURNAL = {Journal of Pure and Applied Algebra},
    VOLUME = {189},
      YEAR = {2004},
    NUMBER = {1-3},
     PAGES = {301--313}
}


@Book{GHKb,
author= "Geroldinger, A. and Halter-Koch, F.",
title= "Non-unique Factorizations: Algebraic, Combinatorial and
Analytic Theory",
year= "2006",
publisher= "Chapman \& Hall/CRC"
}

@Article{CGLPR,
author= "Chapman, S. T. and Garc\'{\i}a-S\'anchez, P. A. and Llena, D. and Ponomarenko, V. and Rosales, J. C.",
title = {The catenary and tame degree in finitely generated commutative cancellative
	monoids},
  journal = {Manuscripta Math.},
  year = {2006},
  volume = {120},
  pages = {253--264},
  number = {3}
}

@Article{CGL,
author= "Chapman, S. T. and Garc\'{\i}a-S\'anchez, P. A. and Llena D.",
title= "The catenary and tame degree of numerical semigroups",
  journal = {Forum Math.},
  year = {2007},
  pages = {1--13}
}


@Article{CHM06,
author= "Chapman, S. T. and Holden, M. T. and  Moore, T. A.",
title= "Full elasticity in atomic monoids and integral domains",
journal= {Rocky Mountain J. Math.},
 Volume = {36},
Number ={5},
year = 2006,
Pages = {1437--1455}
}


@Article{BF06,
author= {Barucci, V. and Fr\"oberg, R.},
title= "Associated graded rings of one-dimensional analytically
irreducible rings",
journal= "J. Algebra",
volume= "304",
year= "2006",
pages = "349--358"
}


@Article{E01,
author= "Elias, J.",
title= "On the deep structure of the blowing-up of curve singularities",
journal= "Math. Proc.  Camb. Phil. Soc.",
volume= "131",
year= "2001",
pages= "227--240"
}


@Article{B06,
author= "Barucci, V.",
title= "Numerical semiroup algebras",
journal= "Multiplicative Ideal Theory in Commutative Algebra,
a tribute to the work of Robert Gilmer",
publisher= "Springer Science and Business Media",
year="2006"
}

@ARTICLE{VMic02,
  author = {Micale, V.},
  title = {On monomial semigroups},
  journal = {Communications in Algebra},
  year = {2002},
  volume = {30},
  pages = {4687 - 4698}
}
@ARTICLE{B-A08,
  author = {Bras-Amor\'os, M.},
  title = {Fibonacci-like behavior of the number of numerical semigroups of
	a given genus},
  journal = {Semigroup Forum},
  year = {2008},
  volume = {76},
  pages = {379--384}
}

@Article{GS-O,
author= "Garc\'{\i}a-S\'anchez, P. A. and Ojeda, I.",
title= "Uniquely presented finitely generated commutative monoids",
journal= "Pacific J. Math.",
volume= "249",
year= "2010",
pages = "91--105"
}

@Article{B-GS-G,
author= "Blanco, V. and Garc\'{\i}a-S\'anchez, P. A. and Geroldinger, A",
title= "Semigroup-theoretical characterizations of arithmetical invariants with applications to numerical monoids and Krull monoids",
journal= "Illinois J. Math.",
volume= "55",
year= "2011",
pages = "1385--1414"
}

@Article{DA-M-M,
author= "D'Anna, M. and Mezzasalma, M. and Micale V.",
title="On the Buchsbaumness of the associated graded ring of a one-dimensional local ring",
journal="Comm. Algebra",
volume="37",
year= "2009",
pages="1594--1603"
}

@article {DA-M-S,
    AUTHOR = {D'Anna, M. and Micale, V. and Sammartano, A.},
     TITLE = {On the associated graded ring of a semigroup ring},
   JOURNAL = {J. Commut. Algebra},
  FJOURNAL = {Journal of Commutative Algebra},
    VOLUME = {3},
      YEAR = {2011},
    NUMBER = {2},
     PAGES = {147--168},
      ISSN = {1939-0807},
   MRCLASS = {13A30 (13H10)},
  MRNUMBER = {2813470},
}


@Article {Br,
    AUTHOR = {Bryant, L.},
     TITLE = {Goto numbers of a numerical semigroup ring and the
              {G}orensteiness of associated graded rings},
   JOURNAL = {Comm. Algebra},
  FJOURNAL = {Communications in Algebra},
    VOLUME = {38},
      YEAR = {2010},
    NUMBER = {6},
     PAGES = {2092--2128},
      ISSN = {0092-7872},
     CODEN = {COALDM},
   MRCLASS = {20M25 (13A30 13C40 20M14)},
  MRNUMBER = {2675524},
MRREVIEWER = {Grigori I. {\v{Z}}itomirski{\u\i}},
       DOI = {10.1080/00927870903025993},
       URL = {http://dx.doi.org/10.1080/00927870903025993},
}

@Article{BR13,
    AUTHOR = {Blanco, Victor and Rosales, Jos{\'e} Carlos},
     TITLE = {The tree of irreducible numerical semigroups with fixed
              {F}robenius number},
   JOURNAL = {Forum Math.},
  FJOURNAL = {Forum Mathematicum},
    VOLUME = {25},
      YEAR = {2013},
    NUMBER = {6},
     PAGES = {1249--1261},
      ISSN = {0933-7741},
   MRCLASS = {11D07 (05A18 13H10 20M14)},
  MRNUMBER = {3199729},
MRREVIEWER = {Raheleh Jafari},
       DOI = {10.1515/form.2011.151},
       URL = {http://dx.doi.org/10.1515/form.2011.151},
}

@Article{RGS13,
	author={ Rosales, J. C. and  Garc\'{\i}a-S\'anchez, P.A.}, 
	title={Constructing almost symmetric numerical semigroups from almost irreducible numerical semigroups}, 
	journal={Comm. Algebra},
	year={to appear 2013}
}

@Article{Sp,
	author={ Spirito, D.}, 
	title={Star operations on numerical semigroups}, 
	journal={Comm. Algebra},
	year={to appear 2014}
}


@Article{BF97,
	author={Barucci, V. and Fr\"oberg R.},
	title={One-dimensional almost Gorenstein Rings}, 
	journal={J. Algebra},
	volume={188},
	year={1997}, 
	pages={418--442}
}

@article {BC77,
    AUTHOR = {Bertin, J. and Carbonne, P.},
     TITLE = {Semi-groupes d'entiers et application aux branches},
   JOURNAL = {J. Algebra},
  FJOURNAL = {Journal of Algebra},
    VOLUME = {49},
      YEAR = {1977},
    NUMBER = {1},
     PAGES = {81--95},
      ISSN = {0021-8693},
   MRCLASS = {14B05},
  MRNUMBER = {0568894 (58 \#27957)},
}

@article {KP95,
    AUTHOR = {Kirfel, Christoph and Pellikaan, Ruud},
     TITLE = {The minimum distance of codes in an array coming from
              telescopic semigroups},
      NOTE = {Special issue on algebraic geometry codes},
   JOURNAL = {IEEE Trans. Inform. Theory},
  FJOURNAL = {Institute of Electrical and Electronics Engineers.
              Transactions on Information Theory},
    VOLUME = {41},
      YEAR = {1995},
    NUMBER = {6, part 1},
     PAGES = {1720--1732},
      ISSN = {0018-9448},
     CODEN = {IETTAW},
   MRCLASS = {94B27 (94B35)},
  MRNUMBER = {1391031 (97e:94015)},
       DOI = {10.1109/18.476245},
       URL = {http://dx.doi.org/10.1109/18.476245},
}

@article{AGS13,
	author={Assi, A.  and  Garc\'{\i}a-S\'anchez, P. A.}, 
	title={Constructing the set of complete intersection numerical semigroups with a given Frobenius number}, 
	journal={Applicable Algebra in Engineering, Communication and Computing},
	year={2013}
}

@article{AGS14,
	author={Assi, A.  and  Garc\'{\i}a-S\'anchez, P. A.}, 
	title={On curves with one place at infinity},
	journal= "arXiv",
	volume= "1407.0490",
	year= "2014"
}

@article{AGSM14,
	author={Assi, A.  and  Garc\'{\i}a-S\'anchez, P. A. and V. Micale}, 
	title={Bases of subalgebras of K[[x]] and K[x]},
	journal= "arXiv",
	volume= "1412.4089",
	year= "2014"
}


@book{Z86, 
	author={Zariski, O.},
	title={Le probl\`eme des modules pour les courbes planes},
	year={1986},
	publisher={Hermann}
}

@BOOK{RGbook,
  title = {Numerical Semigroups},
  publisher = {Springer},
  year = {2009},
  author = {Rosales, J. C. and Garc\'{\i}a-S\'anchez, P. A.}
}

@article{DAMSwhen,
    AUTHOR = {D'Anna, M. and Micale, V. and Sammartano, A.},
     TITLE = {When the associated graded ring of a semigroup ring is
              complete intersection},
   JOURNAL = {J. Pure Appl. Algebra},
  FJOURNAL = {Journal of Pure and Applied Algebra},
    VOLUME = {217},
      YEAR = {2013},
    NUMBER = {6},
     PAGES = {1007--1017},
      ISSN = {0022-4049},
     CODEN = {JPAAA2},
   MRCLASS = {13A30 (13C40 14M10)},
  MRNUMBER = {3010100},
MRREVIEWER = {Zhongming Tang},
       DOI = {10.1016/j.jpaa.2012.09.024},
       URL = {http://dx.doi.org/10.1016/j.jpaa.2012.09.024},
       }
@article{DAMSClasses,
    AUTHOR = {D'Anna, Marco and Micale, Vincenzo and Sammartano, Alessio},
     TITLE = {Classes of complete intersection numerical semigroups},
   JOURNAL = {Semigroup Forum},
  FJOURNAL = {Semigroup Forum},
    VOLUME = {88},
      YEAR = {2014},
    NUMBER = {2},
     PAGES = {453--467},
      ISSN = {0037-1912},
   MRCLASS = {20M14},
  MRNUMBER = {3189106},
MRREVIEWER = {M. A. Moreno-Fr{\'{\i}}as},
       DOI = {10.1007/s00233-013-9547-y},
       URL = {http://dx.doi.org/10.1007/s00233-013-9547-y},
       }

@article{CJZ,
author={Cortadellas Ben\'{\i}tez, T. and  Jafari, R.  and Zarzuela Armengou, S.},
title={On teh Ap\'ery sets of monomial curves}, 
journal={Semigroup Forum}, 
year={2013},
volume={86},
pages={289--320},
doi={DOI 10.1007/s00233-012-9445-8}
}

@article{PH,
author={Philipp, A.},
title={A characterization of arithmetical invariants by the monoid of relations}, 
journal={Semigroup Forum},
volume={81},
year={2010}, 
pages={424--434}
}

@article {BH,
    AUTHOR = {Bryant, Lance and Hamblin, James},
     TITLE = {The maximal denumerant of a numerical semigroup},
   JOURNAL = {Semigroup Forum},
  FJOURNAL = {Semigroup Forum},
    VOLUME = {86},
      YEAR = {2013},
    NUMBER = {3},
     PAGES = {571--582},
      ISSN = {0037-1912},
     CODEN = {SMGFAN},
   MRCLASS = {20M14},
  MRNUMBER = {3053780},
       DOI = {10.1007/s00233-012-9448-5},
       URL = {http://dx.doi.org/10.1007/s00233-012-9448-5},
}

@article {GSOSN,
    AUTHOR = {Garc{\'{\i}}a S{\'a}nchez, P. A. and Ojeda, I. and
              S{\'a}nchez-R.-Navarro, A.},
     TITLE = {Factorization invariants in half-factorial affine semigroups},
   JOURNAL = {Internat. J. Algebra Comput.},
  FJOURNAL = {International Journal of Algebra and Computation},
    VOLUME = {23},
      YEAR = {2013},
    NUMBER = {1},
     PAGES = {111--122},
      ISSN = {0218-1967},
   MRCLASS = {20M14 (20M13)},
  MRNUMBER = {3040805},
       DOI = {10.1142/S0218196713500033},
       URL = {http://dx.doi.org/10.1142/S0218196713500033},
}

@book {CLOS,
    AUTHOR = {Cox, David and Little, John and O'Shea, Donal},
     TITLE = {Ideals, varieties, and algorithms},
    SERIES = {Undergraduate Texts in Mathematics},
   EDITION = {Third},
      NOTE = {An introduction to computational algebraic geometry and
              commutative algebra},
 PUBLISHER = {Springer},
   ADDRESS = {New York},
      YEAR = {2007},
     PAGES = {xvi+551},
      ISBN = {978-0-387-35650-1; 0-387-35650-9},
   MRCLASS = {13P10 (13-01 14-01 14Qxx 68W30)},
  MRNUMBER = {2290010 (2007h:13036)},
       DOI = {10.1007/978-0-387-35651-8},
       URL = {http://dx.doi.org/10.1007/978-0-387-35651-8},
}	


@article {CHRA,
    AUTHOR = {Chappelon, Jonathan and Ram{\'{\i}}rez Alfons{\'{\i}}n, Jorge
              Luis},
     TITLE = {On the {M}\"obius function of the locally finite poset
              associated with a numerical semigroup},
   JOURNAL = {Semigroup Forum},
  FJOURNAL = {Semigroup Forum},
    VOLUME = {87},
      YEAR = {2013},
    NUMBER = {2},
     PAGES = {313--330},
      ISSN = {0037-1912},
   MRCLASS = {06F05 (05E05 06A06 20M14)},
  MRNUMBER = {3110597},
MRREVIEWER = {V{\'a}clav Koubek},
       DOI = {10.1007/s00233-012-9458-3},
       URL = {http://dx.doi.org/10.1007/s00233-012-9458-3},
}

@incollection {BD-cyclotomic,
    AUTHOR = {Bradford, R. J. and Davenport, J. H.},
     TITLE = {Effective tests for cyclotomic polynomials},
 BOOKTITLE = {Symbolic and algebraic computation ({R}ome, 1988)},
    SERIES = {Lecture Notes in Comput. Sci.},
    VOLUME = {358},
     PAGES = {244--251},
 PUBLISHER = {Springer, Berlin},
      YEAR = {1989},
   MRCLASS = {11Y16 (11Y40)},
  MRNUMBER = {1034734 (90m:11201)},
MRREVIEWER = {Lajos R{\'o}nyai},
       DOI = {10.1007/3-540-51084-2_22},
       URL = {http://dx.doi.org/10.1007/3-540-51084-2_22},
}

@Article{M,
    AUTHOR = {Moree, Pieter},
     TITLE = {Numerical semigroups, cyclotomic polynomials, and {B}ernoulli
              numbers},
   JOURNAL = {Amer. Math. Monthly},
  FJOURNAL = {American Mathematical Monthly},
    VOLUME = {121},
      YEAR = {2014},
    NUMBER = {10},
     PAGES = {890--902},
      ISSN = {0002-9890},
   MRCLASS = {11B68 (11C08)},
  MRNUMBER = {3295662},
       DOI = {10.4169/amer.math.monthly.121.10.890},
       URL = {http://dx.doi.org/10.4169/amer.math.monthly.121.10.890},
       }


@article{SzW,
    AUTHOR = {Sz{\'e}kely, L. A. and Wormald, N. C.},
     TITLE = {Generating functions for the {F}robenius problem with {$2$}
              and {$3$} generators},
   JOURNAL = {Math. Chronicle},
  FJOURNAL = {Mathematical Chronicle},
    VOLUME = {15},
      YEAR = {1986},
     PAGES = {49--57},
      ISSN = {0581-1155},
     CODEN = {MTHCB3},
   MRCLASS = {05A15 (11D04 11P99)},
  MRNUMBER = {900339 (88i:05013)},
MRREVIEWER = {Volker Strehl},
}

@article{AG-GS,
    AUTHOR = {Aguil{\'o}-Gost, F. and Garc{\'{\i}}a-S{\'a}nchez, P. A.},
     TITLE = {Factoring in embedding dimension three numerical semigroups},
   JOURNAL = {Electron. J. Combin.},
  FJOURNAL = {Electronic Journal of Combinatorics},
    VOLUME = {17},
      YEAR = {2010},
    NUMBER = {1},
     PAGES = {Research Paper 138, 21},
      ISSN = {1077-8926},
   MRCLASS = {11D07 (05B45 05C90 11D45)},
  MRNUMBER = {2729387 (2011j:11050)},
MRREVIEWER = {Lajos Hajdu},
       URL =
              {http://www.combinatorics.org/Volume_17/Abstracts/v17i1r138.html},
}

@article{B-P-ON,
    AUTHOR = {Barron, T. and  O'Neill, C. and Pelayo, R.},
     TITLE = {On the computation of delta sets and $\omega$-primality in numerical monoids},
   JOURNAL = {preprint},
      YEAR = {2014},
}

@article{GG-MF-VT,
AUTHOR = {Garc\'{\i}a-Garc\'{\i}a, J. I. and Moreno-Fr\'{\i}as, M. A. and Vigneron-Tenorio, A.},
TITLE = {Computation of Delta sets of numerical monoids},
JOURNAL = {arxiv:1406.0280},
YEAR ={2014},
URL= {http://arxiv.org/abs/1406.0280},
}

@misc{Normaliz,
AUTHOR={Bruns, W. and  Ichim, B. and  R\"omer, T.  and  S\"oger C.},
TITLE={Normaliz. Algorithms for rational cones and affine monoids},
YEAR={2014},
VERSION={2.12},
howpublished={\url{http://www.math.uos.de/normaliz}},
}

@misc{Singular,
 title = {{\sc Singular} {3-1-6} --- {A} computer algebra system for polynomial computations},
 author = {Decker, Wolfram and Greuel, Gert-Martin and Pfister, Gerhard and Sch\"onemann, Hans},
 year = {2012},
 howpublished = {\url{http://www.singular.uni-kl.de}},
}

@misc{NmzInterface,
author={Gutsche, S and  Horn, M. and  S\"oger, C.},
title={NormalizInterface for GAP}, 
year={2014},
howpublished={\url{https://github.com/fingolfin/NormalizInterface}},
}

@misc{SingularInterface,
author={Barakat, M. and  Horn, M. and  Lübeck, F.  and Motsak, O. and  Neunhoeffer, M. and  Schoenemann H.},
title={SingularInterface for GAP},
year={2014},
howpublished={\url{https://github.com/gap-system/SingularInterface.git}},
}

@misc{Singularpackage,
author={Costantini, M. and  de Graaf, W.},
year={2012},
title={GAP package singular; the GAP interface to Singular},
howpublished={\url{http://gap-system.org/Packages/singular.html}},
}

@article{R-GS-GG-B,
author = {Rosales,J. C. and Garc\'{\i}a-S\'anchez,P. A. and, Garc\'{\i}a-Garc\'{\i}a, J. I. and Branco, M. B.},
title = {SYSTEMS OF INEQUALITIES AND NUMERICAL SEMIGROUPS},
journal = {Journal of the London Mathematical Society},
volume = {65},
issue = {03},
month = {6},
year = {2002},
issn = {1469-7750},
pages = {611--623},
numpages = {13},
doi = {10.1112/S0024610701003052},
URL = {http://journals.cambridge.org/article_S0024610701003052},
}

@article{R-GS,
title = "Nonnegative elements of subgroups of \(\mathbb{Z}^n\)",
journal = "Linear Algebra and its Applications ",
volume = "270",
number = "1-3",
pages = "351- 357",
year = "1998",
note = "",
issn = "0024-3795",
doi = "http://dx.doi.org/10.1016/S0024-3795(97)00309-1",
url = "http://www.sciencedirect.com/science/article/pii/S0024379597003091",
author = "J.C. Rosales and Pedro A. Garc\'{\i}a-S\'anchez",
abstract = "We give a method to compute all nonnegative integer solutions of a homogeneous system of linear equations. We use this method to provide an algorithm to compute all nonnegative integer solutions of homogeneous systems of equations having some of the equations in congruences. "
}

@article {MR1678508,
    AUTHOR = {Rosales, J. C. and Garc{\'{\i}}a-S{\'a}nchez, P. A.},
     TITLE = {On free affine semigroups},
   JOURNAL = {Semigroup Forum},
  FJOURNAL = {Semigroup Forum},
    VOLUME = {58},
      YEAR = {1999},
    NUMBER = {3},
     PAGES = {367--385},
      ISSN = {0037-1912},
     CODEN = {SMGFAN},
   MRCLASS = {13C40 (20M14)},
  MRNUMBER = {1678508 (2000j:13020)},
MRREVIEWER = {L{\^e} Tu{\^a}n Hoa},
       DOI = {10.1007/BF03325435},
       URL = {http://dx.doi.org/10.1007/BF03325435},
}

@article {MR0269762,
    AUTHOR = {Herzog, J{\"u}rgen},
     TITLE = {Generators and relations of abelian semigroups and semigroup
              rings. },
   JOURNAL = {Manuscripta Math.},
  FJOURNAL = {Manuscripta Mathematica},
    VOLUME = {3},
      YEAR = {1970},
     PAGES = {175--193},
      ISSN = {0025-2611},
   MRCLASS = {20.93},
  MRNUMBER = {0269762 (42 \#4657)},
MRREVIEWER = {J. B. Kim},
}

@article {MR1394747,
    AUTHOR = {Eisenbud, David and Sturmfels, Bernd},
     TITLE = {Binomial ideals},
   JOURNAL = {Duke Math. J.},
  FJOURNAL = {Duke Mathematical Journal},
    VOLUME = {84},
      YEAR = {1996},
    NUMBER = {1},
     PAGES = {1--45},
      ISSN = {0012-7094},
     CODEN = {DUMJAO},
   MRCLASS = {13P10 (13A30 14M25)},
  MRNUMBER = {1394747 (97d:13031)},
MRREVIEWER = {P. Schenzel},
       DOI = {10.1215/S0012-7094-96-08401-X},
       URL = {http://dx.doi.org/10.1215/S0012-7094-96-08401-X},
}
@Misc{4ti2,
  author =   {4ti2 team},
  title =    {4ti2---A software package for algebraic, geometric and 
              combinatorial problems on linear spaces},
  howpublished = {{A}vailable at www.4ti2.de}
}

@Misc{4ti2Interface,
  author =   {S. Gutsche},
  title =    {4ti2Interface, A link to 4ti2},
  howpublished = {\url{http://www.gap-system.org/Packages/4ti2interface.html}}
}

@misc{ GradedModules,
  author =           {Barakat,   M.   and   Gutsche,   S.   and  Jambor,  S.  and
                      Lange-Hegermann, M. and Lorenz, A. and Motsak, O.},
  title =            {{GradedModules},  A  homalg  based  package for the Abelian
                      category   of   finitely   presented  graded  modules  over
                      computable graded rings, {V}ersion 2014.09.17},
  month =            {Sep},
  year =             {2014},
  note =             {GAP package},
  howpublished =     {\href
                      {http://homalg.math.rwth-aachen.de/~barakat/homalg-project/Gr\
adedModules/}
                      {\texttt{http://homalg.math.rwth-aachen.de/}\discretionary
                      {}{}{}\texttt{\texttt{\symbol{126}}barakat/}\discretionary
                      {}{}{}\texttt{homalg-project/}\discretionary
                      {}{}{}\texttt{GradedModules/}}},
  keywords =         {modules;  graded modules; graduation; multi-graded modules;
                      Tate resolution},
  printedkey =       {BGJLLM14}
}

@article{DGSRP15,
   author = {{Delgado}, M. and {Garc{\'{\i}}a-S{\'a}nchez}, P.~A. and {Robles-P{\'e}rez}, A.~M.
	},
    title = "{Numerical semigroups with a given set of pseudo-Frobenius numbers}",
  journal = {ArXiv e-prints},
archivePrefix = "arXiv",
   eprint = {1505.08111},
 primaryClass = "math.AC",
 keywords = {Mathematics - Commutative Algebra, Mathematics - Combinatorics, 11D07, 20M14, 20-04},
     year = 2015,
    month = may,
   adsurl = {http://adsabs.harvard.edu/abs/2015arXiv150508111D},
  adsnote = {Provided by the SAO/NASA Astrophysics Data System}
}

@article{GS,
AUTHOR = {Garc\'{\i}a-S\'anchez, P. A.},
TITLE = {A new approach for the computation of the tame degree},
JOURNAL = {arxiv:1504.02998},
YEAR ={2014},
URL= {http://arxiv.org/abs/1504.02998},
}
